=LDR  00461nam  2200157z  4500
=008  110701n\\\\\\\\xx\|\\\\\\\\\u|||\||und\u
=020  \\$a9783527319701
=100  \\$aGILEADI, ELIEZER
=245  \\$aPHYSICAL ELECTROCHEMISTRY : FUNDAMENTALS, TECHNIQUES AND APPLICATIONS.
=260  \\$aWEINHEIM$bWILEY-VCH$c2011
=960  \\$a19$hCHEM
=961  \\$dnotify Dennis Peters
=980  \\$b100.00$q1
=982  \\$a99943757441$b524010$dPaper$fRB
=984  \\$a20110630$cUS
=987  \\$a100559356

