=LDR  00435nam  2200145z  4500
=008  110701n\\\\\\\\xx\|\\\\\\\\\u|||\||und\u
=020  \\$a9780983347804
=100  \\$aBENEDICT, JEFF
=245  \\$aPOISONED : THE TRUE STORY OF THE DEADLY E. COLI OUTBREAK THAT CHANGED THE WAY AMERICANS EAT.
=260  \\$bINSPIRE BOOKS$c2011
=960  \\$a74$hLIFE
=980  \\$b24.95$q1
=982  \\$a99943757442$b524010$dCloth$fRB
=984  \\$a20110630$cUS
=987  \\$a6937811

