=LDR  00471nam  2200169z  4500
=008  110701n\\\\\\\\xx\|\\\\\\\\\u|||\||und\u
=020  \\$a9781597560504
=100  \\$aHEGDE, M.N. (MAHABALAGIRI N.)
=245  \\$aTREATMENT PROTOCOLS FOR STUTTERING.
=260  \\$aSAN DIEGO$bPLURAL PUBLISHING$c2007
=490  \\$aPLURAL PROTOCOLS SERIES.
=960  \\$a50
=961  \\$dOK TO DUP
=980  \\$b69.95$q1
=982  \\$a99943757983$b524010$dSpiral$fJLL
=984  \\$a20110630$cUS
=987  \\$a2365376

