=LDR  00399nam  2200157z  4500
=008  110701n\\\\\\\\xx\|\\\\\\\\\u|||\||und\u
=020  \\$a9780127594514
=100  \\$aWINGATE, MARCEL E
=245  \\$aFOUNDATIONS OF STUTTERING.
=260  \\$aSAN DIEGO$bACADEMIC$c2002
=960  \\$a50
=961  \\$dOK TO DUP
=980  \\$b90.95$q1
=982  \\$a99943757984$b524010$dCloth$fJLL
=984  \\$a20110630$cUS
=987  \\$a1786085

