=LDR  00382nam  2200145z  4500
=008  110701n\\\\\\\\xx\|\\\\\\\\\u|||\||und\u
=020  \\$a9781597560108
=245  \\$aETHICS : A CASE STUDY FROM FLUENCY
=260  \\$aSAN DIEGO$bPLURAL PUBLISHING$c2006
=960  \\$a50
=961  \\$dOK TO DUP
=980  \\$b55.00$q1
=982  \\$a99943757985$b524010$dPaper$fJLL
=984  \\$a20110630$cUS
=987  \\$a2389727

