=LDR  00395nam  2200145z  4500
=008  110701n\\\\\\\\xx\|\\\\\\\\\u|||\||und\u
=020  \\$a9781604060010
=245  \\$aPEDIATRIC AUDIOLOGY : DIAGNOSIS, TECHNOLOGY, AND MANAGEMENT
=260  \\$aNEW YORK$bTHIEME$c2008
=960  \\$a50
=961  \\$dOK TO DUP
=980  \\$b89.95$q1
=982  \\$a99943757986$b524010$dCloth$fJLL
=984  \\$a20110630$cUS
=987  \\$a2802627

