=LDR  00486nam  2200169z  4500
=008  110701n\\\\\\\\xx\|\\\\\\\\\u|||\||und\u
=020  \\$a9781597563536
=100  \\$aHALL, JAMES W. (JAMES WILBUR), 1948-
=245  \\$aOBJECTIVE ASSESSMENT OF HEARING.
=260  \\$aSAN DIEGO$bPLURAL PUBLISHING$c2009
=490  \\$aCORE CLINICAL CONCEPTS IN AUDIOLOGY.
=960  \\$a50
=961  \\$dOK TO DUP
=980  \\$b45.00$q1
=982  \\$a99943757987$b524010$dPaper$fJLL
=984  \\$a20110630$cUS
=987  \\$a3007972

