=LDR  00377nam  2200157z  4500
=008  110701n\\\\\\\\xx\|\\\\\\\\\u|||\||und\u
=020  \\$a9781588903648
=245  \\$aCLINICAL OTOLOGY
=250  \\$a3RD ED.
=260  \\$aNEW YORK$bTHIEME$c2007
=960  \\$a50
=961  \\$dOK TO DUP
=980  \\$b189.95$q1
=982  \\$a99943757988$b524010$dCloth$fJLL
=984  \\$a20110630$cUS
=987  \\$a2532083

