=LDR  00475nam  2200169z  4500
=008  110701n\\\\\\\\xx\|\\\\\\\\\u|||\||und\u
=020  \\$a9781593857141
=100  \\$aPENNINGTON, BRUCE FRANKLIN, 1946-
=245  \\$aDIAGNOSING LEARNING DISORDERS : A NEUROPSYCHOLOGICAL FRAMEWORK.
=250  \\$a2ND ED.
=260  \\$aNEW YORK$bGUILFORD$c2009
=960  \\$a50
=961  \\$dOK TO DUP
=980  \\$b40.00$q1
=982  \\$a99943757989$b524010$dCloth$fJLL
=984  \\$a20110630$cUS
=987  \\$a2840288

