=LDR  00458nam  2200157z  4500
=008  110701n\\\\\\\\xx\|\\\\\\\\\u|||\||und\u
=020  \\$a9780763776510
=100  \\$aHAMBRECHT, GEORGIA
=245  \\$aCLINICAL OBSERVATION : A GUIDE FOR STUDENTS IN SPEECH, LANGUAGE, AND HEARING.
=260  \\$aSUDBURY$bJONES & BARTLETT$c2011
=960  \\$a50
=961  \\$dOK TO DUP
=980  \\$b43.95$q1
=982  \\$a99943757990$b524010$dSpiral$fJLL
=984  \\$a20110630$cUS
=987  \\$a3321549

