=LDR  00404nam  2200157z  4500
=008  110701n\\\\\\\\xx\|\\\\\\\\\u|||\||und\u
=020  \\$a9780781780476
=100  \\$aEMANUEL, DIANA C
=245  \\$aHEARING SCIENCE.
=260  \\$aPHILADELPHIA$bWOLTERS KLUWER HEALTH$c2009
=960  \\$a50
=961  \\$dOK TO DUP
=980  \\$b81.95$q1
=982  \\$a99943757991$b524010$dPaper$fJLL
=984  \\$a20110630$cUS
=987  \\$a2752688

