=LDR  00443nam  2200157z  4500
=008  110701n\\\\\\\\xx\|\\\\\\\\\u|||\||und\u
=020  \\$a9780131185685
=100  \\$aPETERSON, MILES E
=245  \\$aFOUNDATIONS OF AUDIOLOGY : A PRACTICAL APPROACH.
=260  \\$aUPPER SADDLE RIVER$bMERRILL PRENTICE-HALL$c2008
=960  \\$a50
=961  \\$dOK TO DUP
=980  \\$b72.00$q1
=982  \\$a99943757992$b524010$dPaper$fJLL
=984  \\$a20110630$cUS
=987  \\$a2579922

