=LDR  00393nam  2200145z  4500
=008  110701n\\\\\\\\xx\|\\\\\\\\\u|||\||und\u
=020  \\$a9781861560698
=245  \\$aPSYCHOPHYSICAL AND PHYSIOLOGICAL ADVANCES IN HEARING
=260  \\$aHOBOKEN$bJOHN WILEY$c1998
=960  \\$a50
=961  \\$dOK TO DUP
=980  \\$b98.00$q1
=982  \\$a99943757993$b524010$dCloth$fJLL
=984  \\$a20110630$cUS
=987  \\$a100112571

