=LDR  00439nam  2200169z  4500
=008  110701n\\\\\\\\xx\|\\\\\\\\\u|||\||und\u
=020  \\$a9780824753832
=100  \\$aSATALOFF, ROBERT THAYER
=245  \\$aOCCUPATIONAL HEARING LOSS.
=250  \\$a3RD ED.
=260  \\$aBOCA RATON$bTAYLOR & FRANCIS$c2006
=960  \\$a50
=961  \\$dOK TO DUP
=980  \\$b162.95$q1
=982  \\$a99943757994$b524010$dCloth$fJLL
=984  \\$a20110630$cUS
=987  \\$a2268408

