=LDR  00428nam  2200169z  4500
=008  110701n\\\\\\\\xx\|\\\\\\\\\u|||\||und\u
=020  \\$a9780205593033
=100  \\$aGLEASON, JEAN BERKO
=245  \\$aDEVELOPMENT OF LANGUAGE.
=250  \\$a7TH ED.
=260  \\$aBOSTON$bALLYN & BACON$c2009
=960  \\$a50
=961  \\$dOK TO DUP
=980  \\$b133.33$q1
=982  \\$a99943757995$b524010$dPaper$fJLL
=984  \\$a20110630$cUS
=987  \\$a100486832

