=LDR  00449nam  2200157z  4500
=008  110701n\\\\\\\\xx\|\\\\\\\\\u|||\||und\u
=020  \\$a9780787978129
=100  \\$aPIERANGELO, ROGER
=245  \\$aEDM : THE EDUCATOR'S DIAGNOSTIC MANUAL OF DISABILITIES AND DISORDERS.
=260  \\$aSAN FRANCISCO$bJOSSEY-BASS$c2007
=960  \\$a50
=961  \\$dOK TO DUP
=980  \\$b49.95$q1
=982  \\$a99943757996$b524010$dPaper$fJLL
=984  \\$a20110630$cUS
=987  \\$a2250828

