=LDR  00405nam  2200157z  4500
=008  110701n\\\\\\\\xx\|\\\\\\\\\u|||\||und\u
=020  \\$a9780323043427
=100  \\$aLASS, NORMAN J
=245  \\$aHEARING SCIENCE FUNDAMENTALS.
=260  \\$aST. LOUIS$bELSEVIER MOSBY$c2007
=960  \\$a50
=961  \\$dOK TO DUP
=980  \\$b57.95$q1
=982  \\$a99943757997$b524010$dPaper$fJLL
=984  \\$a20110630$cUS
=987  \\$a2477822

