=LDR  00428nam  2200157z  4500
=008  110701n\\\\\\\\xx\|\\\\\\\\\u|||\||und\u
=020  \\$a9781597561808
=100  \\$aCRANFORD, JERRY
=245  \\$aBASICS OF AUDIOLOGY : FROM VIBRATIONS TO SOUNDS.
=260  \\$aSAN DIEGO$bPLURAL PUBLISHING$c2008
=960  \\$a50
=961  \\$dOK TO DUP
=980  \\$b49.95$q1
=982  \\$a99943757998$b524010$dPaper$fJLL
=984  \\$a20110630$cUS
=987  \\$a2531671

