=LDR  00431nam  2200145z  4500
=008  110701n\\\\\\\\xx\|\\\\\\\\\u|||\||und\u
=020  \\$a9781934137130
=100  \\$aCASSIDY, DAVID C., 1945-
=245  \\$aBEYOND UNCERTAINTY : HEISENBERG, QUANTUM PHYSICS, AND THE BOMB.
=260  \\$aNEW YORK$bBELLEVUE LITERARY PRESS$c2009
=960  \\$a53
=980  \\$b29.00$q1
=982  \\$a99943759118$b524010$dCloth$fJLL
=984  \\$a20110630$cUS
=987  \\$a2878707

