=LDR  00476nam  2200145z  4500
=008  110701n\\\\\\\\xx\|\\\\\\\\\u|||\||und\u
=020  \\$a9780262012867
=245  \\$aCOMMUNICATIONS UNDER THE SEAS : THE EVOLVING CABLE NETWORK AND ITS IMPLICATIONS
=260  \\$aCAMBRIDGE$bMIT PRESS$c2009
=490  \\$aDIBNER INSTITUTE STUDIES IN THE HISTORY OF SCIENCE AND TECHNOLOGY.
=960  \\$a53
=980  \\$b42.00$q1
=982  \\$a99943759119$b524010$dCloth$fJLL
=984  \\$a20110630$cUS
=987  \\$a2910477

