=LDR  00528nam  2200157z  4500
=008  110701n\\\\\\\\xx\|\\\\\\\\\u|||\||und\u
=020  \\$a9780801891410
=100  \\$aTHOMSON, ROSS
=245  \\$aSTRUCTURES OF CHANGE IN THE MECHANICAL AGE : TECHNOLOGICAL INNOVATION IN THE UNITED STATES, 1790-1865
=260  \\$aBALTIMORE$bJOHNS HOPKINS UNIV PRESS$c2009
=490  \\$aJOHNS HOPKINS STUDIES IN THE HISTORY OF TECHNOLOGY.
=960  \\$a53
=980  \\$b68.00$q1
=982  \\$a99943759120$b524010$dCloth$fJLL
=984  \\$a20110630$cUS
=987  \\$a2915868

