=LDR  00522nam  2200157z  4500
=008  110701n\\\\\\\\xx\|\\\\\\\\\u|||\||und\u
=020  \\$a9789004187993
=100  \\$aROBINSON, ANDREW (ANDREW JOHN NOTTAGE)
=245  \\$aGOD AND THE WORLD OF SIGNS : TRINITY, EVOLUTION, AND THE METAPHYSICAL SEMIOTICS OF C.S. PEIRCE.
=260  \\$aLEIDEN$bBRILL$c2010
=490  \\$aPHILOSOPHICAL STUDIES IN SCIENCE AND RELIGION.2
=960  \\$a53
=980  \\$b168.00$q1
=982  \\$a99943759121$b524010$dCloth$fJLL
=984  \\$a20110630$cUS
=987  \\$a3421554

