=LDR  00416nam  2200145z  4500
=008  110701n\\\\\\\\xx\|\\\\\\\\\u|||\||und\u
=020  \\$a9789004187917
=245  \\$aHANDBOOK OF RELIGION AND THE AUTHORITY OF SCIENCE
=260  \\$aLEIDEN$bBRILL$c2011
=490  \\$aBRILL HANDBOOKS ON CONTEMPORARY RELIGION.3
=960  \\$a53
=980  \\$b309.00$q1
=982  \\$a99943759122$b524010$dCloth$fJLL
=984  \\$a20110630$cUS
=987  \\$a3455841

