=LDR  00425nam  2200145z  4500
=008  110701n\\\\\\\\xx\|\\\\\\\\\u|||\||und\u
=020  \\$a9789004188952
=245  \\$aNEOLIBERALISM'S FRACTURED SHOWCASE : ANOTHER CHILE IS POSSIBLE
=260  \\$aLEIDEN$bBRILL$c2011
=490  \\$aSTUDIES IN CRITICAL SOCIAL SCIENCES.27
=960  \\$a64
=980  \\$b141.00$q1
=982  \\$a99943761276$b524010$dCloth$fJLL
=984  \\$a20110630$cUS
=987  \\$a3455732

