=LDR  00367nam  2200145z  4500
=008  110701n\\\\\\\\xx\|\\\\\\\\\u|||\||und\u
=020  \\$a9780812975802
=100  \\$aNAZARIO, SONIA
=245  \\$aTRAVESIA DE ENRIQUE.
=260  \\$aNEW YORK$bRANDOM HOUSE$c2006
=960  \\$a64
=980  \\$b17.00$q1
=982  \\$a99943761277$b524010$dPaper$fJLL
=984  \\$a20110630$cUS
=987  \\$a2254514

