=LDR  00432nam  2200145z  4500
=008  110701n\\\\\\\\xx\|\\\\\\\\\u|||\||und\u
=020  \\$a9781608191031
=100  \\$aSTOLZENBURG, WILLIAM
=245  \\$aRAT ISLAND : PREDATORS IN PARADISE AND THE WORLD'S GREATEST WILDLIFE RESCUE.
=260  \\$aNEW YORK$bBLOOMSBURY$c2011
=960  \\$a13$hLIFE
=980  \\$b26.00$q1
=982  \\$a99943761321$b524010$dCloth$fRB
=984  \\$a20110630$cUS
=987  \\$a3637313

