=LDR  00465nam  2200145z  4500
=008  110701n\\\\\\\\xx\|\\\\\\\\\u|||\||und\u
=020  \\$a9782503532271
=245  \\$aCONTEXTS OF PROPERTY IN EUROPE : THE SOCIAL EMBEDDEDNESS OF PROPERTY RIGHTS IN LAND IN HISTORICAL PER
=260  \\$aTURNHOUT$bBREPOLS PUBLISHERS$c2010
=490  \\$aRURAL HISTORY IN EUROPE.5
=960  \\$a93
=980  \\$b96.00$q1
=982  \\$a99943761358$b524010$dPaper$fJLL
=984  \\$a20110630$cUS
=987  \\$a3100979

