=LDR  00513nam  2200157z  4500
=008  110701n\\\\\\\\xx\|\\\\\\\\\u|||\||und\u
=020  \\$a9789004192072
=100  \\$aSKAPSKA, GRAZYNA
=245  \\$aFROM 'CIVIL SOCIETY' TO 'EUROPE' : A SOCIOLOGICAL STUDY ON CONSTITUTIONALISM AFTER COMMUNISM.
=260  \\$aLEIDEN$bBRILL$c2011
=490  \\$aINTERNATIONAL STUDIES IN SOCIOLOGY AND SOCIAL ANTHROPOLOGY.118
=960  \\$a93
=980  \\$b141.00$q1
=982  \\$a99943761359$b524010$dCloth$fJLL
=984  \\$a20110630$cUS
=987  \\$a3627321

