=LDR  00385nam  2200145z  4500
=008  110701n\\\\\\\\xx\|\\\\\\\\\u|||\||und\u
=020  \\$a9780313348020
=245  \\$aIMMIGRATION
=260  \\$aWESTPORT$bGREENWOOD$c2008
=490  \\$aILAN STAVANS LIBRARY OF LATINO CIVILIZATION.
=960  \\$a94
=980  \\$b55.00$q1
=982  \\$a99943762647$b524010$dCloth$fJLL
=984  \\$a20110630$cUS
=987  \\$a2804998

