=LDR  00385nam  2200145z  4500
=008  110701n\\\\\\\\xx\|\\\\\\\\\u|||\||und\u
=020  \\$a9780268029791
=100  \\$aGALARZA, ERNESTO, 1905-1984
=245  \\$aBARRIO BOY.
=260  \\$aNOTRE DAME$bUNIV OF NOTRE DAME PRESS$c2011
=960  \\$a94
=980  \\$b18.00$q1
=982  \\$a99943762648$b524010$dPaper$fJLL
=984  \\$a20110630$cUS
=987  \\$a3604293

