=LDR  00426nam  2200157z  4500
=008  110701n\\\\\\\\xx\|\\\\\\\\\u|||\||und\u
=020  \\$a9780791096239
=245  \\$aHISPANIC-AMERICAN WRITERS
=250  \\$aREV. ED.
=260  \\$aNEW YORK$bBLOOM'S LIT CRIT INFOBASE$c2009
=490  \\$aBLOOM'S MODERN CRITICAL VIEWS.
=960  \\$a94
=980  \\$b45.00$q1
=982  \\$a99943762649$b524010$dCloth$fJLL
=984  \\$a20110630$cUS
=987  \\$a2556356

