=LDR  00375nam  2200145z  4500
=008  110701n\\\\\\\\xx\|\\\\\\\\\u|||\||und\u
=020  \\$a9781604133127
=100  \\$aAMEND ALLISON
=245  \\$aHISPANIC-AMERICAN WRITERS.
=260  \\$bEUROSPAN: CHELSEA HOUSE$c2010
=960  \\$a94
=980  \\$b35.00$q1
=982  \\$a99943762650$b524010$dCloth$fJLL
=984  \\$a20110630$cUS
=987  \\$a100564640

