=LDR  00477nam  2200157z  4500
=008  110701n\\\\\\\\xx\|\\\\\\\\\u|||\||und\u
=020  \\$a9781442206694
=100  \\$aBERGER, ARTHUR ASA, 1933-
=245  \\$aADS, FADS, AND CONSUMER CULTURE : ADVERTISING'S IMPACT ON AMERICAN CHARACTER AND SOCIETY.
=250  \\$a4TH ED.
=260  \\$aLANHAM$bROWMAN & LITTLEFIELD$c2011
=960  \\$a95
=980  \\$b24.95$q1
=982  \\$a99943762938$b524010$dPaper$fJLL
=984  \\$a20110630$cUS
=987  \\$a3610207

