=LDR  00376nam  2200133z  4500
=008  110701n\\\\\\\\xx\|\\\\\\\\\u|||\||und\u
=020  \\$a9780739150030
=245  \\$aDAILY SHOW AND RHETORIC : ARGUMENTS, ISSUES, AND STRATEGIES
=260  \\$aLANHAM$bLEXINGTON BOOKS$c2011
=960  \\$a95
=980  \\$b32.95$q1
=982  \\$a99943762939$b524010$dPaper$fJLL
=984  \\$a20110630$cUS
=987  \\$a3586799

