=LDR  00408nam  2200157z  4500
=008  110701n\\\\\\\\xx\|\\\\\\\\\u|||\||und\u
=020  \\$a9780073534305
=100  \\$aGRIFFIN, EMORY A
=245  \\$aFIRST LOOK AT COMMUNICATION THEORY.
=250  \\$a8TH ED.
=260  \\$aNEW YORK$bMCGRAW-HILL$c2012
=960  \\$a95
=980  \\$b144.15$q1
=982  \\$a99943762940$b524010$dPaper$fJLL
=984  \\$a20110630$cUS
=987  \\$a3649130

