=LDR  00402nam  2200145z  4500
=008  110701n\\\\\\\\xx\|\\\\\\\\\u|||\||und\u
=020  \\$a9781405185882
=245  \\$aHANDBOOK OF INTERNET STUDIES
=260  \\$aOXFORD$bWILEY-BLACKWELL$c2011
=490  \\$aHANDBOOKS IN COMMUNICATION AND MEDIA.
=960  \\$a95
=980  \\$b199.95$q1
=982  \\$a99943762941$b524010$dCloth$fJLL
=984  \\$a20110630$cUS
=987  \\$a100529438

