=LDR  00417nam  2200145z  4500
=008  110701n\\\\\\\\xx\|\\\\\\\\\u|||\||und\u
=020  \\$a9781556525728
=100  \\$aAUSTEN, JAKE
=245  \\$aTV-A-GO-GO : ROCK ON TV FROM AMERICAN BANDSTAND TO AMERICAN IDOL.
=260  \\$aCHICAGO$bCHICAGO REVIEW PRESS$c2005
=960  \\$a95
=980  \\$b18.95$q1
=982  \\$a99943762942$b524010$dPaper$fJLL
=984  \\$a20110630$cUS
=987  \\$a2257755

