=LDR  00433nam  2200145z  4500
=008  110701n\\\\\\\\xx\|\\\\\\\\\u|||\||und\u
=020  \\$a9781932595871
=100  \\$aHOWLETT, MIKE
=245  \\$aWEIRD WORLD OF EERIE PUBLICATIONS : COMIC GORE THAT WARPED MILLIONS OF YOUNG MINDS!
=260  \\$aPORT TOWNSEND$bFERAL HOUSE$c2010
=960  \\$a95
=980  \\$b32.95$q1
=982  \\$a99943762943$b524010$dCloth$fJLL
=984  \\$a20110630$cUS
=987  \\$a3546396

