=LDR  00430nam  2200157z  4500
=008  110701n\\\\\\\\xx\|\\\\\\\\\u|||\||und\u
=020  \\$a9780073406794
=100  \\$aMARTIN, JUDITH
=245  \\$aEXPERIENCING INTERCULTURAL COMMUNICATION : AN INTRODUCTION.
=250  \\$a4TH ED.
=260  \\$aNEW YORK$bMCGRAW-HILL$c2011
=960  \\$a95
=980  \\$b102.95$q1
=982  \\$a99943762944$b524010$dPaper$fJLL
=984  \\$a20110630$cUS
=987  \\$a3538516

