=LDR  00437nam  2200157z  4500
=008  110701n\\\\\\\\xx\|\\\\\\\\\u|||\||und\u
=020  \\$a9780073526157
=100  \\$aBARAN, STANLEY J
=245  \\$aINTRODUCTION TO MASS COMMUNICATION : MEDIA LITERACY AND CULTURE.
=250  \\$a7TH ED.
=260  \\$aNEW YORK$bMCGRAW-HILL$c2012
=960  \\$a95
=980  \\$b141.65$q1
=982  \\$a99943762945$b524010$dPaper$fJLL
=984  \\$a20110630$cUS
=987  \\$a3649133

