=LDR  00513nam  2200157z  4500
=008  110701n\\\\\\\\xx\|\\\\\\\\\u|||\||und\u
=020  \\$a9780773537767
=100  \\$aGALSTON, DAVID
=245  \\$aARCHIVES AND THE EVENT OF GOD : THE IMPACT OF MICHEL FOUCAULT ON PHILOSOPHICAL THEOLOGY.
=260  \\$aMONTREAL$bMCGILL-QUEENS UNIV PRESS$c2011
=490  \\$aMCGILL-QUEEN'S STUDIES IN THE HISTORY OF IDEAS.51
=960  \\$a86
=980  \\$b75.00$q1
=982  \\$a99943763443$b524010$dCloth$fJLL
=984  \\$a20110630$cUS
=987  \\$a3335282

