=LDR  00425nam  2200157z  4500
=008  110701n\\\\\\\\xx\|\\\\\\\\\u|||\||und\u
=020  \\$a9780881461299
=100  \\$aGARRETT, JAMES LEO
=245  \\$aBAPTIST THEOLOGY : A FOUR-CENTURY STUDY.
=260  \\$aMACON$bMERCER UNIVERSITY PRESS$c2009
=490  \\$aBAPTISTS.
=960  \\$a86
=980  \\$b55.00$q1
=982  \\$a99943763444$b524010$dCloth$fJLL
=984  \\$a20110630$cUS
=987  \\$a2827831

