=LDR  00433nam  2200145z  4500
=008  110701n\\\\\\\\xx\|\\\\\\\\\u|||\||und\u
=020  \\$a9780674033313
=100  \\$aRAWLS, JOHN, 1921-2002
=245  \\$aBRIEF INQUIRY INTO THE MEANING OF SIN AND FAITH : WITH "ON MY RELIGION"
=260  \\$aCAMBRIDGE$bHARVARD UNIV PRESS$c2009
=960  \\$a86
=980  \\$b27.95$q1
=982  \\$a99943763445$b524010$dCloth$fJLL
=984  \\$a20110630$cUS
=987  \\$a2918398

