=LDR  00420nam  2200145z  4500
=008  110701n\\\\\\\\xx\|\\\\\\\\\u|||\||und\u
=020  \\$a9780754669906
=100  \\$aNELSTROP, LOUISE
=245  \\$aCHRISTIAN MYSTICISM : AN INTRODUCTION TO CONTEMPORARY THEORETICAL APPROACHES.
=260  \\$aFARNHAM$bASHGATE$c2009
=960  \\$a86
=980  \\$b29.95$q1
=982  \\$a99943763446$b524010$dPaper$fJLL
=984  \\$a20110630$cUS
=987  \\$a3114801

