=LDR  00378nam  2200133z  4500
=008  110701n\\\\\\\\xx\|\\\\\\\\\u|||\||und\u
=020  \\$a9780800662998
=245  \\$aCOMMON JUDAISM : EXPLORATIONS IN SECOND-TEMPLE JUDAISM
=260  \\$aMINNEAPOLIS$bAUGSBURG FORTRESS$c2008
=960  \\$a86
=980  \\$b37.00$q1
=982  \\$a99943763447$b524010$dCloth$fJLL
=984  \\$a20110630$cUS
=987  \\$a2793754

