=LDR  00426nam  2200145z  4500
=008  110701n\\\\\\\\xx\|\\\\\\\\\u|||\||und\u
=020  \\$a9789400700581
=245  \\$aCONTINENTAL PHILOSOPHY AND PHILOSOPHY OF RELIGION
=260  \\$aBERLIN$bSPRINGER$c2010
=490  \\$aHANDBOOK OF CONTEMPORARY PHILOSOPHY OF RELIGION.4
=960  \\$a86
=980  \\$b139.00$q1
=982  \\$a99943763448$b524010$dCloth$fJLL
=984  \\$a20110630$cUS
=987  \\$a3503068

