=LDR  00449nam  2200157z  4500
=008  110701n\\\\\\\\xx\|\\\\\\\\\u|||\||und\u
=020  \\$a9781851686360
=100  \\$aLAWSON, TODD
=245  \\$aCRUCIFIXION AND THE QUR'AN : A STUDY IN THE HISTORY OF MUSLIM THOUGHT.
=250  \\$aREV. ED.
=260  \\$aRICHMOND$bONEWORLD PUBLICATIONS$c2009
=960  \\$a86
=980  \\$b80.00$q1
=982  \\$a99943763449$b524010$dCloth$fJLL
=984  \\$a20110630$cUS
=987  \\$a2883158

