=LDR  00434nam  2200145z  4500
=008  110701n\\\\\\\\xx\|\\\\\\\\\u|||\||und\u
=020  \\$a9780802831262
=100  \\$aCAMPBELL, DOUGLAS A
=245  \\$aDELIVERANCE OF GOD : AN APOCALYPTIC REREADING OF JUSTIFICATION IN PAUL.
=260  \\$aGRAND RAPIDS$bW B EERDMANS PUB CO$c2009
=960  \\$a86
=980  \\$b60.00$q1
=982  \\$a99943763450$b524010$dCloth$fJLL
=984  \\$a20110630$cUS
=987  \\$a2960476

