=LDR  00390nam  2200133z  4500
=008  110701n\\\\\\\\xx\|\\\\\\\\\u|||\||und\u
=020  \\$a9780800697518
=245  \\$aDIALOGUE COMES OF AGE : CHRISTIAN ENCOUNTERS WITH OTHER TRADITIONS
=260  \\$aMINNEAPOLIS$bAUGSBURG FORTRESS$c2010
=960  \\$a86
=980  \\$b25.00$q1
=982  \\$a99943763451$b524010$dPaper$fJLL
=984  \\$a20110630$cUS
=987  \\$a3220005

