=LDR  00366nam  2200133z  4500
=008  110701n\\\\\\\\xx\|\\\\\\\\\u|||\||und\u
=020  \\$a9780800663759
=245  \\$aDOCUMENTS AND IMAGES FOR THE STUDY OF PAUL
=260  \\$aMINNEAPOLIS$bAUGSBURG FORTRESS$c2011
=960  \\$a86
=980  \\$b35.00$q1
=982  \\$a99943763452$b524010$dPaper$fJLL
=984  \\$a20110630$cUS
=987  \\$a3121016

