=LDR  00444nam  2200157z  4500
=008  110701n\\\\\\\\xx\|\\\\\\\\\u|||\||und\u
=020  \\$a9780814633663
=100  \\$aBRADSHAW, PAUL F
=245  \\$aEARLY CHRISTIAN WORSHIP : A BASIC INTRODUCTION TO IDEAS AND PRACTICE.
=250  \\$a2ND ED.
=260  \\$aCOLLEGEVILLE$bLITURGICAL$c2010
=960  \\$a86
=980  \\$b16.95$q1
=982  \\$a99943763453$b524010$dPaper$fJLL
=984  \\$a20110630$cUS
=987  \\$a3587210

