=LDR  00451nam  2200157z  4500
=008  110701n\\\\\\\\xx\|\\\\\\\\\u|||\||und\u
=020  \\$a9781591431183
=100  \\$aVON ESSEN, CARL, 1926-
=245  \\$aECOMYSTICISM : THE PROFOUND EXPERIENCE OF NATURE AS SPIRITUAL GUIDE.
=250  \\$aREV. ED.
=260  \\$aROCHESTER$bBEAR & COMPANY$c2010
=960  \\$a86
=980  \\$b18.00$q1
=982  \\$a99943763454$b524010$dPaper$fJLL
=984  \\$a20110630$cUS
=987  \\$a3456737

