=LDR  00339nam  2200133z  4500
=008  110701n\\\\\\\\xx\|\\\\\\\\\u|||\||und\u
=020  \\$a9781590305492
=245  \\$aESSENTIAL GNOSTIC SCRIPTURES
=260  \\$aBOSTON$bSHAMBHALA$c2010
=960  \\$a86
=980  \\$b21.95$q1
=982  \\$a99943763455$b524010$dCloth$fJLL
=984  \\$a20110630$cUS
=987  \\$a3410685

