=LDR  00418nam  2200157z  4500
=008  110701n\\\\\\\\xx\|\\\\\\\\\u|||\||und\u
=020  \\$a9780199590384
=100  \\$aHELM, PAUL
=245  \\$aETERNAL GOD : A STUDY OF GOD WITHOUT TIME.
=250  \\$a2ND ED.
=260  \\$aOXFORD$bOXFORD UNIVERSITY PRESS$c2010
=960  \\$a86
=980  \\$b35.00$q1
=982  \\$a99943763456$b524010$dPaper$fJLL
=984  \\$a20110630$cUS
=987  \\$a3283696

