=LDR  00432nam  2200145z  4500
=008  110701n\\\\\\\\xx\|\\\\\\\\\u|||\||und\u
=020  \\$a9781589016453
=100  \\$aO'BRIEN, KEVIN J
=245  \\$aETHICS OF BIODIVERSITY : CHRISTIANITY, ECOLOGY, AND THE VARIETY OF LIFE.
=260  \\$aWASHINGTON$bGEORGETOWN UNIV PRESS$c2010
=960  \\$a86
=980  \\$b26.95$q1
=982  \\$a99943763457$b524010$dPaper$fJLL
=984  \\$a20110630$cUS
=987  \\$a3137633

