=LDR  00416nam  2200145z  4500
=008  110701n\\\\\\\\xx\|\\\\\\\\\u|||\||und\u
=020  \\$a9781590305218
=100  \\$aSHANKMAN, RICHARD
=245  \\$aEXPERIENCE OF SAMADHI : AN IN-DEPTH EXPLORATION OF BUDDHIST MEDITATION.
=260  \\$aBOSTON$bSHAMBHALA$c2008
=960  \\$a86
=980  \\$b18.95$q1
=982  \\$a99943763458$b524010$dPaper$fJLL
=984  \\$a20110630$cUS
=987  \\$a2824029

