=LDR  00489nam  2200157z  4500
=008  110701n\\\\\\\\xx\|\\\\\\\\\u|||\||und\u
=020  \\$a9789004189300
=100  \\$aTIEMEYER, LENA-SOFIA, 1969-
=245  \\$aFOR THE COMFORT OF ZION : THE GEOGRAPHICAL AND THEOLOGICAL LOCATION OF ISAIAH 40-55.
=260  \\$aLEIDEN$bBRILL$c2011
=490  \\$aSUPPLEMENTS TO VETUS TESTAMENTUM.139
=960  \\$a86
=980  \\$b185.00$q1
=982  \\$a99943764380$b524010$dCloth$fJLL
=984  \\$a20110630$cUS
=987  \\$a3477092

