=LDR  00449nam  2200157z  4500
=008  110701n\\\\\\\\xx\|\\\\\\\\\u|||\||und\u
=020  \\$a9781935493099
=100  \\$aOLDMEADOW, HARRY, 1947-
=245  \\$aFRITHJOF SCHUON AND THE PERENNIAL PHILOSOPHY.
=260  \\$aBLOOMINGTON$bWORLD WISDOM$c2010
=490  \\$aPERENNIAL PHILOSOPHY SERIES.
=960  \\$a86
=980  \\$b22.95$q1
=982  \\$a99943764381$b524010$dPaper$fJLL
=984  \\$a20110630$cUS
=987  \\$a3135134

