=LDR  00478nam  2200157z  4500
=008  110701n\\\\\\\\xx\|\\\\\\\\\u|||\||und\u
=020  \\$a9781935493082
=100  \\$aFITZGERALD, MICHAEL OREN, 1949-
=245  \\$aFRITHJOF SCHUON : MESSENGER OF THE PERENNIAL PHILOSOPHY.
=260  \\$aBLOOMINGTON$bWORLD WISDOM$c2010
=490  \\$aSPIRITUAL MASTERS: EAST & WEST SERIES.
=960  \\$a86
=980  \\$b21.95$q1
=982  \\$a99943764382$b524010$dPaper$fJLL
=984  \\$a20110630$cUS
=987  \\$a3135153

