=LDR  00403nam  2200133z  4500
=008  110701n\\\\\\\\xx\|\\\\\\\\\u|||\||und\u
=020  \\$a9781935210191
=245  \\$aGARDEN CHRYSANTHEMUMS AND FIRST MOUNTAIN SNOW : ZEN QUESTIONS AND ANSWERS FROM KOREA
=260  \\$aBUFFALO$bWHITE PINE PRESS$c2010
=960  \\$a86
=980  \\$b16.00$q1
=982  \\$a99943764383$b524010$dPaper$fJLL
=984  \\$a20110630$cUS
=987  \\$a3551518

