=LDR  00372nam  2200133z  4500
=008  110701n\\\\\\\\xx\|\\\\\\\\\u|||\||und\u
=020  \\$a9780920718858
=245  \\$aGIFT OF DIFFERENCE : RADICAL ORTHODOXY, RADICAL REFORMATION
=260  \\$aWINNIPEG$bCMU PRESS$c2010
=960  \\$a86
=980  \\$b25.50$q1
=982  \\$a99943764384$b524010$dPaper$fJLL
=984  \\$a20110630$cUS
=987  \\$a3521414

