=LDR  00498nam  2200169z  4500
=008  110701n\\\\\\\\xx\|\\\\\\\\\u|||\||und\u
=020  \\$a9780802822178
=100  \\$aVON WAHLDE, URBAN C
=245  \\$aGOSPEL AND LETTERS OF JOHN; V. 2 : COMMENTARY ON THE GOSPEL OF JOHN.
=260  \\$aGRAND RAPIDS$bW B EERDMANS PUB CO$c2010
=490  \\$aEERDMANS CRITICAL COMMENTARY.
=960  \\$a86
=980  \\$b60.00$q1
=982  \\$a99943764386$b524010$dPaper$fJLL
=984  \\$a20110630$cUS
=987  \\$a3251395

