=LDR  00485nam  2200157z  4500
=008  110701n\\\\\\\\xx\|\\\\\\\\\u|||\||und\u
=020  \\$a9789004186088
=100  \\$aBREYTENBACH, CILLIERS, 1954-
=245  \\$aGRACE, RECONCILIATION, CONCORD : THE DEATH OF CHRIST IN GRAECO-ROMAN METAPHORS.
=260  \\$aLEIDEN$bBRILL$c2010
=490  \\$aSUPPLEMENTS TO NOVUM TESTAMENTUM.135
=960  \\$a86
=980  \\$b179.00$q1
=982  \\$a99943764388$b524010$dCloth$fJLL
=984  \\$a20110630$cUS
=987  \\$a3478486

