=LDR  00434nam  2200145z  4500
=008  110701n\\\\\\\\xx\|\\\\\\\\\u|||\||und\u
=020  \\$a9780313366451
=245  \\$aHEALING POWER OF SPIRITUALITY : HOW FAITH HELPS HUMANS THRIVE
=260  \\$aSANTA BARBARA$bPRAEGER$c2010
=490  \\$aPSYCHOLOGY, RELIGION, AND SPIRITUALITY.
=960  \\$a86
=980  \\$b184.95$q1
=982  \\$a99943764389$b524010$dCloth$fJLL
=984  \\$a20110630$cUS
=987  \\$a3085522

