=LDR  00415nam  2200145z  4500
=008  110701n\\\\\\\\xx\|\\\\\\\\\u|||\||und\u
=020  \\$a9781586174323
=100  \\$aBENEDICT XVI, POPE, 1927-
=245  \\$aHEART OF THE CHRISTIAN LIFE : THOUGHTS ON THE HOLY MASS.
=260  \\$aSAN FRANCISCO$bIGNATIUS$c2010
=960  \\$a86
=980  \\$b14.95$q1
=982  \\$a99943764390$b524010$dCloth$fJLL
=984  \\$a20110630$cUS
=987  \\$a3251600

