=LDR  00403nam  2200145z  4500
=008  110701n\\\\\\\\xx\|\\\\\\\\\u|||\||und\u
=020  \\$a9780802862624
=100  \\$aALLISON, DALE C
=245  \\$aHISTORICAL CHRIST AND THE THEOLOGICAL JESUS.
=260  \\$aGRAND RAPIDS$bW B EERDMANS PUB CO$c2009
=960  \\$a86
=980  \\$b16.00$q1
=982  \\$a99943764391$b524010$dPaper$fJLL
=984  \\$a20110630$cUS
=987  \\$a2920784

