=LDR  00399nam  2200145z  4500
=008  110701n\\\\\\\\xx\|\\\\\\\\\u|||\||und\u
=020  \\$a9780802862921
=100  \\$aKEENER, CRAIG S., 1960-
=245  \\$aHISTORICAL JESUS OF THE GOSPELS.
=260  \\$aGRAND RAPIDS$bW B EERDMANS PUB CO$c2009
=960  \\$a86
=980  \\$b60.00$q1
=982  \\$a99943764392$b524010$dCloth$fJLL
=984  \\$a20110630$cUS
=987  \\$a3086768

