=LDR  00395nam  2200133z  4500
=008  110701n\\\\\\\\xx\|\\\\\\\\\u|||\||und\u
=020  \\$a9780861716852
=245  \\$aHOW MUCH IS ENOUGH? : BUDDHISM, CONSUMERISM, AND THE HUMAN ENVIRONMENT
=260  \\$aSOMERVILLE$bWISDOM PUBLICATIONS$c2010
=960  \\$a86
=980  \\$b16.95$q1
=982  \\$a99943764393$b524010$dPaper$fJLL
=984  \\$a20110630$cUS
=987  \\$a3188728

