=LDR  00413nam  2200133z  4500
=008  110701n\\\\\\\\xx\|\\\\\\\\\u|||\||und\u
=020  \\$a9781848855052
=245  \\$aHYMNS OF ZOROASTER : A NEW TRANSLATION OF THE MOST ANCIENT SACRED TEXTS OF IRAN; TRANS. BY M.L. WEST.
=260  \\$aLONDON$bI B TAURIS$c2010
=960  \\$a86
=980  \\$b25.00$q1
=982  \\$a99943764394$b524010$dPaper$fJLL
=984  \\$a20110630$cUS
=987  \\$a3438269

