=LDR  00467nam  2200157z  4500
=008  110701n\\\\\\\\xx\|\\\\\\\\\u|||\||und\u
=020  \\$a9781847064820
=100  \\$aTALIAFERRO, CHARLES
=245  \\$aIMAGE IN MIND : THEISM, NATURALISM, AND THE IMAGINATION.
=260  \\$aNEW YORK$bCONTINUUM$c2011
=490  \\$aCONTINUUM STUDIES IN PHILOSOPHY OF RELIGION.
=960  \\$a86
=980  \\$b120.00$q1
=982  \\$a99943764395$b524010$dCloth$fJLL
=984  \\$a20110630$cUS
=987  \\$a3478823

