=LDR  00435nam  2200145z  4500
=008  110701n\\\\\\\\xx\|\\\\\\\\\u|||\||und\u
=020  \\$a9780800663438
=100  \\$aTAUSSIG, HAL
=245  \\$aIN THE BEGINNING WAS THE MEAL : SOCIAL EXPERIMENTATION & EARLY CHRISTIAN IDENTITY.
=260  \\$aMINNEAPOLIS$bAUGSBURG FORTRESS$c2009
=960  \\$a86
=980  \\$b39.00$q1
=982  \\$a99943764396$b524010$dCloth$fJLL
=984  \\$a20110630$cUS
=987  \\$a3039465

