=LDR  00440nam  2200145z  4500
=008  110701n\\\\\\\\xx\|\\\\\\\\\u|||\||und\u
=020  \\$a9780525951193
=100  \\$aPISTONO, MATTEO
=245  \\$aIN THE SHADOW OF THE BUDDHA : SECRET JOURNEYS, SACRED HISTORIES, AND SPIRITUAL DISCOVERY IN TIBET.
=260  \\$aNEW YORK$bDUTTON$c2011
=960  \\$a86
=980  \\$b25.95$q1
=982  \\$a99943764397$b524010$dCloth$fJLL
=984  \\$a20110630$cUS
=987  \\$a3493737

