=LDR  00501nam  2200157z  4500
=008  110701n\\\\\\\\xx\|\\\\\\\\\u|||\||und\u
=020  \\$a9780814633052
=100  \\$aBETHUNE, PIERRE-FRANCOIS DE
=245  \\$aINTERRELIGIOUS HOSPITALITY : THE FULFILLMENT OF DIALOGUE; TRANS. BY ROBERT HENREY.
=260  \\$aCOLLEGEVILLE$bLITURGICAL$c2010
=490  \\$aMONASTIC INTERRELIGIOUS DIALOGUE SERIES.
=960  \\$a86
=980  \\$b21.95$q1
=982  \\$a99943764398$b524010$dPaper$fJLL
=984  \\$a20110630$cUS
=987  \\$a3334007

