=LDR  00438nam  2200157z  4500
=008  110701n\\\\\\\\xx\|\\\\\\\\\u|||\||und\u
=020  \\$a9780521690379
=100  \\$aPLATINGA, RICHARD J
=245  \\$aINTRODUCTION TO CHRISTIAN THEOLOGY.
=260  \\$aCAMBRIDGE$bCAMBRIDGE UNIV PRESS$c2010
=490  \\$aINTRODUCTION TO RELIGION.
=960  \\$a86
=980  \\$b30.49$q1
=982  \\$a99943764512$b524061$dPaper$fJLL
=984  \\$a20110630$cUK
=987  \\$a3109524

