=LDR  00471nam  2200145z  4500
=008  110701n\\\\\\\\xx\|\\\\\\\\\u|||\||und\u
=020  \\$a9780415346696
=245  \\$aINTRODUCTION TO TANTRIC PHILOSOPHY : THE PARAMARTHASARA OF ABHINAVAGUPTA WITH THE COMMENTARY OF YOGAR
=260  \\$aABINGDON$bROUTLEDGE$c2011
=490  \\$aROUTLEDGE STUDIES IN TANTRIC TRADITIONS
=960  \\$a86
=980  \\$b128.44$q1
=982  \\$a99943764513$b524061$dCloth$fJLL
=984  \\$a20110630$cUK
=987  \\$a2271533

