=LDR  00427nam  2200157z  4500
=008  110701n\\\\\\\\xx\|\\\\\\\\\u|||\||und\u
=020  \\$a9780521705226
=100  \\$aMARMION, DECLAN
=245  \\$aINTRODUCTION TO THE TRINITY.
=260  \\$aCAMBRIDGE$bCAMBRIDGE UNIV PRESS$c2011
=490  \\$aINTRODUCTION TO RELIGION.
=960  \\$a86
=980  \\$b27.28$q1
=982  \\$a99943764514$b524061$dPaper$fJLL
=984  \\$a20110630$cUK
=987  \\$a3425347

