=LDR  00441nam  2200145z  4500
=008  110701n\\\\\\\\xx\|\\\\\\\\\u|||\||und\u
=020  \\$a9780739148426
=100  \\$aROGERS, STEPHANIE STIDHAM,
=245  \\$aINVENTING THE HOLY LAND : AMERICAN PROTESTANT PILGRIMAGE TO PALESTINE, 1865-1941.
=260  \\$aLANHAM$bLEXINGTON BOOKS$c2011
=960  \\$a86
=980  \\$b60.93$q1
=982  \\$a99943764515$b524061$dCloth$fJLL
=984  \\$a20110630$cUK
=987  \\$a3543125

